@article{alabi2013perspectives,
  title={Perspectives on kiss-and-run: role in exocytosis, endocytosis, and neurotransmission},
  author={Alabi, AbdulRasheed A and Tsien, Richard W},
  journal={Annual review of physiology},
  volume={75},
  pages={393--422},
  year={2013},
  publisher={Annual Reviews}
}

@book{alberts2006introduccion,
  title={Introducci{\'o}n a la biolog{\'\i}a celular},
  author={Alberts, Bruce and Bray, Dennis},
  year={2006},
  publisher={Ed. M{\'e}dica Panamericana}
}

@article{amatore2005correlation,
  title={Correlation between vesicle quantal size and fusion pore release in chromaffin cell exocytosis},
  author={Amatore, Christian and Arbault, St{\'e}phane and Bonifas, Imelda and Bouret, Yann and Erard, Marie and Ewing, Andy G and Sombers, Leslie A},
  journal={Biophysical journal},
  volume={88},
  number={6},
  pages={4411--4420},
  year={2005},
  publisher={Elsevier}
}

@article{amatore2009quantitative,
  title={Quantitative investigations of amperometric spike feet suggest different controlling factors of the fusion pore in exocytosis at chromaffin cells},
  author={Amatore, Christian and Arbault, St{\'e}phane and Bonifas, Imelda and Guille, Manon},
  journal={Biophysical chemistry},
  volume={143},
  number={3},
  pages={124--131},
  year={2009},
  publisher={Elsevier}
}
@article{aspinwall1999comparison,
  title={Comparison of amperometric methods for detection of exocytosis from single pancreatic $\beta$-cells of different species},
  author={Aspinwall, Craig A and Huang, Lan and Lakey, Jonathan RT and Kennedy, Robert T},
  journal={Analytical chemistry},
  volume={71},
  number={24},
  pages={5551--5556},
  year={1999},
  publisher={ACS Publications}
}

@article{bader2002exocytosis,
  title={Exocytosis: the chromaffin cell as a model system},
  author={Bader, Marie and Holz, Ronald W and Kumakura, Konosuke and Vitale, Nicolas},
  journal={Annals of the New York Academy of Sciences},
  volume={971},
  number={1},
  pages={178--183},
  year={2002},
  publisher={Wiley Online Library}
}


@article{borges2008measuring,
  title={Measuring secretion in chromaffin cells using electrophysiological and electrochemical methods},
  author={Borges, R and Camacho, M and Gillis, KD},
  journal={Acta Physiologica},
  volume={192},
  number={2},
  pages={173--184},
  year={2008},
  publisher={Wiley Online Library}
}

@article{colliver2000quantitative,
  title={Quantitative and statistical analysis of the shape of amperometric spikes recorded from two populations of cells},
  author={Colliver, Thomas L and Hess, Ellen J and Pothos, Emmanuel N and Sulzer, David and Ewing, Andrew G},
  journal={Journal of neurochemistry},
  volume={74},
  number={3},
  pages={1086--1097},
  year={2000},
  publisher={Wiley Online Library}
}
@incollection{dominguez2012preparation,
  title={Preparation and culture of adrenal chromaffin cells},
  author={Dom{\'\i}nguez, Natalia and Rodr{\'\i}guez, Miriam and Machado, J David and Borges, Ricardo},
  booktitle={Neurotrophic Factors},
  pages={223--234},
  year={2012},
  publisher={Springer}
}


@article{evanko2005primer,
  title={Primer: spying on exocytosis with amperometry},
  author={Evanko, Daniel},
  journal={Nature methods},
  volume={2},
  number={9},
  pages={650},
  year={2005},
  publisher={Nature Publishing Group}
}
@article{friedrich2010spike,
  title={From spike to graphâ€”A complete automated single-spike analysis},
  author={Friedrich, Reut and Ashery, Uri},
  journal={Journal of neuroscience methods},
  volume={193},
  number={2},
  pages={271--280},
  year={2010},
  publisher={Elsevier}
}

@article{fulop2007matching,
  title={Matching native electrical stimulation by graded chemical stimulation in isolated mouse adrenal chromaffin cells},
  author={Fulop, Tiberiu and Smith, Corey},
  journal={Journal of neuroscience methods},
  volume={166},
  number={2},
  pages={195--202},
  year={2007},
  publisher={Elsevier}
}

@article{gonzalez2010association,
  title={The association of dynamin with synaptophysin regulates quantal size and duration of exocytotic events in chromaffin cells},
  author={Gonz{\'a}lez-Jamett, Arlek M and B{\'a}ez-Matus, Ximena and Hevia, Montserrat A and Guerra, Mar{\'\i}a Jos{\'e} and Olivares, Mar{\'\i}a Jos{\'e} and Mart{\'\i}nez, Agust{\'\i}n D and Neely, Alan and C{\'a}rdenas, Ana M},
  journal={Journal of Neuroscience},
  volume={30},
  number={32},
  pages={10683--10691},
  year={2010},
  publisher={Soc Neuroscience}
}
@article{grabner2005mouse,
  title={Mouse chromaffin cells have two populations of dense core vesicles},
  author={Grabner, Chad P and Price, Steven D and Lysakowski, Anna and Fox, Aaron P},
  journal={Journal of neurophysiology},
  volume={94},
  number={3},
  pages={2093--2104},
  year={2005},
  publisher={American Physiological Society}
}

@article{iyer2017calcium,
  title={Calcium-activated SK channels control firing regularity by modulating sodium channel availability in midbrain dopamine neurons},
  author={Iyer, Rajeshwari and Ungless, Mark A and Faisal, Aldo A},
  journal={Scientific reports},
  volume={7},
  number={1},
  pages={5248},
  year={2017},
  publisher={Nature Publishing Group}
}

@article{jarukanont2015vesicle,
  title={Vesicle motion during sustained exocytosis in chromaffin cells: numerical model based on amperometric measurements},
  author={Jarukanont, Daungruthai and Arredondo, Imelda Bonifas and Femat, Ricardo and Garcia, Martin E},
  journal={PloS one},
  volume={10},
  number={12},
  pages={e0144045},
  year={2015},
  publisher={Public Library of Science}
}
@article{leszczyszyn1990nicotinic,
  title={Nicotinic receptor-mediated catecholamine secretion from individual chromaffin cells. Chemical evidence for exocytosis.},
  author={Leszczyszyn, David J and Jankowski, Jeffrey A and Viveros, O Humberto and Diliberto, Emanuel J and Near, Joseph A and Wightman, R Mark},
  journal={Journal of Biological Chemistry},
  volume={265},
  number={25},
  pages={14736--14737},
  year={1990},
  publisher={ASBMB}
}


@article{leszczyszyn1991secretion,
  title={Secretion of catecholamines from individual adrenal medullary chromaffin cells},
  author={Leszczyszyn, David J and Jankowski, Jeffrey A and Viveros, O Humberto and Diliberto, Emanuel J and Near, Joseph A and Wightman, R Mark},
  journal={Journal of neurochemistry},
  volume={56},
  number={6},
  pages={1855--1863},
  year={1991},
  publisher={Wiley Online Library}
}

@article{martens2008mechanisms,
  title={Mechanisms of membrane fusion: disparate players and common principles},
  author={Martens, Sascha and McMahon, Harvey T},
  journal={Nature Reviews Molecular Cell Biology},
  volume={9},
  number={7},
  pages={543},
  year={2008},
  publisher={Nature Publishing Group}
}

@article{mellander2012amperometric,
  title={Amperometric post spike feet reveal most exocytosis is via extended kiss-and-run fusion},
  author={Mellander, Lisa J and Trouillon, Rapha{\"e}l and Svensson, Maria I and Ewing, Andrew G},
  journal={Scientific reports},
  volume={2},
  pages={907},
  year={2012},
  publisher={Nature Publishing Group}
}

@article{mosharov2005analysis,
  title={Analysis of exocytotic events recorded by amperometry},
  author={Mosharov, Eugene V and Sulzer, David},
  journal={Nature methods},
  volume={2},
  number={9},
  pages={651},
  year={2005},
  publisher={Nature Publishing Group}
}

@article{oleinick2013vesicular,
  title={Vesicular release of neurotransmitters: converting amperometric measurements into size, dynamics and energetics of initial fusion pores},
  author={Oleinick, Alexander and Lema{\^\i}tre, Fr{\'e}d{\'e}ric and Collignon, Manon Guille and Svir, Irina and Amatore, Christian},
  journal={Faraday discussions},
  volume={164},
  pages={33--55},
  year={2013},
  publisher={Royal Society of Chemistry}
}

@article{O'Neill-1994,
doi	= {10.1039/AN9941900767},
title	= {Microvoltammetric techniques and sensors for monitoring neurochemical dynamics in vivo. A review},
author	= {O'Neill, Robert D.},
publisher	= {Royal Society of Chemistry},
journal	= {The Analyst (Royal Society of Chemistry)},
issnp	= {0003-2654},
issne	= {1364-5528},
year	= {1994},
volume	= {119},
issue	= {5},
page	= {767--},
}

@article{phillips1983visualization,
  title={Visualization of the exocytosis/endocytosis secretory cycle in cultured adrenal chromaffin cells.},
  author={Phillips, John H and Burridge, Keith and Wilson, Steven P and Kirshner, Norman},
  journal={The Journal of cell biology},
  volume={97},
  number={6},
  pages={1906--1917},
  year={1983},
  publisher={Rockefeller University Press}
}

@article{raghupathi2013identification,
  title={Identification of unique release kinetics of serotonin from guinea-pig and human enterochromaffin cells},
  author={Raghupathi, Ravinarayan and Duffield, Michael D and Zelkas, Leah and Meedeniya, Adrian and Brookes, Simon JH and Sia, Tiong Cheng and Wattchow, David A and Spencer, Nick J and Keating, Damien J},
  journal={The Journal of physiology},
  volume={591},
  number={23},
  pages={5959--5975},
  year={2013},
  publisher={Wiley Online Library}
}

@article{reynier1997ne,
  title={NE inhibits cerebrovascular mast cell exocytosis induced by cholinergic and peptidergic agonists},
  author={Reynier-Rebuffel, Anne-Marie and Callebert, Jacques and Launay, Jean-Marie and Seylaz, Jacques and Aubineau, Pierre},
  journal={American Journal of Physiology-Regulatory, Integrative and Comparative Physiology},
  volume={273},
  number={3},
  pages={R845--R850},
  year={1997},
  publisher={Am Physiological Soc}
}



@article{segura2000automatic,
  title={Automatic analysis for amperometrical recordings of exocytosis},
  author={Segura, Fernando and Brioso, Miguel A and Gomez, Jos{\'e} F and Machado, J David and Borges, Ricardo},
  journal={Journal of neuroscience methods},
  volume={103},
  number={2},
  pages={151--156},
  year={2000},
  publisher={Elsevier}
}


@article{viveros1969quantal,
  title={Quantal secretion from adrenal medulla: all-or-none release of storage vesicle content},
  author={Viveros, OH and Arqueros, L and Kirshner, N},
  journal={Science},
  volume={165},
  number={3896},
  pages={911--913},
  year={1969},
  publisher={American Association for the Advancement of Science}
}

@article{wightman1991temporally,
  title={Temporally resolved catecholamine spikes correspond to single vesicle release from individual chromaffin cells},
  author={Wightman, RM and Jankowski, JA and Kennedy, RT and Kawagoe, KT and Schroeder, TJ and Leszczyszyn, DJ and Near, JA and Diliberto, EJ and Viveros, OH},
  journal={Proceedings of the National Academy of Sciences},
  volume={88},
  number={23},
  pages={10754--10758},
  year={1991},
  publisher={National Acad Sciences}
}


@article{wu2014exocytosis,
  title={Exocytosis and endocytosis: modes, functions, and coupling mechanisms},
  author={Wu, Ling-Gang and Hamid, Edaeni and Shin, Wonchul and Chiang, Hsueh-Cheng},
  journal={Annual review of physiology},
  volume={76},
  pages={301--331},
  year={2014},
  publisher={Annual Reviews}
}



