@book{alberts2006introduccion,
  title={Introducci{\'o}n a la biolog{\'\i}a celular},
  author={Alberts, Bruce and Bray, Dennis},
  year={2006},
  publisher={Ed. M{\'e}dica Panamericana}
}

@article{amatore2009quantitative,
  title={Quantitative investigations of amperometric spike feet suggest different controlling factors of the fusion pore in exocytosis at chromaffin cells},
  author={Amatore, Christian and Arbault, St{\'e}phane and Bonifas, Imelda and Guille, Manon},
  journal={Biophysical chemistry},
  volume={143},
  number={3},
  pages={124--131},
  year={2009},
  publisher={Elsevier}
}
@article{aspinwall1999comparison,
  title={Comparison of amperometric methods for detection of exocytosis from single pancreatic $\beta$-cells of different species},
  author={Aspinwall, Craig A and Huang, Lan and Lakey, Jonathan RT and Kennedy, Robert T},
  journal={Analytical chemistry},
  volume={71},
  number={24},
  pages={5551--5556},
  year={1999},
  publisher={ACS Publications}
}




@article{borges2008measuring,
  title={Measuring secretion in chromaffin cells using electrophysiological and electrochemical methods},
  author={Borges, R and Camacho, M and Gillis, KD},
  journal={Acta Physiologica},
  volume={192},
  number={2},
  pages={173--184},
  year={2008},
  publisher={Wiley Online Library}
}

@article{colliver2000quantitative,
  title={Quantitative and statistical analysis of the shape of amperometric spikes recorded from two populations of cells},
  author={Colliver, Thomas L and Hess, Ellen J and Pothos, Emmanuel N and Sulzer, David and Ewing, Andrew G},
  journal={Journal of neurochemistry},
  volume={74},
  number={3},
  pages={1086--1097},
  year={2000},
  publisher={Wiley Online Library}
}

@article{evanko2005primer,
  title={Primer: spying on exocytosis with amperometry},
  author={Evanko, Daniel},
  journal={Nature methods},
  volume={2},
  number={9},
  pages={650},
  year={2005},
  publisher={Nature Publishing Group}
}
@article{friedrich2010spike,
  title={From spike to graphâ€”A complete automated single-spike analysis},
  author={Friedrich, Reut and Ashery, Uri},
  journal={Journal of neuroscience methods},
  volume={193},
  number={2},
  pages={271--280},
  year={2010},
  publisher={Elsevier}
}

@article{gonzalez2010association,
  title={The association of dynamin with synaptophysin regulates quantal size and duration of exocytotic events in chromaffin cells},
  author={Gonz{\'a}lez-Jamett, Arlek M and B{\'a}ez-Matus, Ximena and Hevia, Montserrat A and Guerra, Mar{\'\i}a Jos{\'e} and Olivares, Mar{\'\i}a Jos{\'e} and Mart{\'\i}nez, Agust{\'\i}n D and Neely, Alan and C{\'a}rdenas, Ana M},
  journal={Journal of Neuroscience},
  volume={30},
  number={32},
  pages={10683--10691},
  year={2010},
  publisher={Soc Neuroscience}
}

@article{iyer2017calcium,
  title={Calcium-activated SK channels control firing regularity by modulating sodium channel availability in midbrain dopamine neurons},
  author={Iyer, Rajeshwari and Ungless, Mark A and Faisal, Aldo A},
  journal={Scientific reports},
  volume={7},
  number={1},
  pages={5248},
  year={2017},
  publisher={Nature Publishing Group}
}

@article{jarukanont2015vesicle,
  title={Vesicle motion during sustained exocytosis in chromaffin cells: numerical model based on amperometric measurements},
  author={Jarukanont, Daungruthai and Arredondo, Imelda Bonifas and Femat, Ricardo and Garcia, Martin E},
  journal={PloS one},
  volume={10},
  number={12},
  pages={e0144045},
  year={2015},
  publisher={Public Library of Science}
}

@article{mellander2012amperometric,
  title={Amperometric post spike feet reveal most exocytosis is via extended kiss-and-run fusion},
  author={Mellander, Lisa J and Trouillon, Rapha{\"e}l and Svensson, Maria I and Ewing, Andrew G},
  journal={Scientific reports},
  volume={2},
  pages={907},
  year={2012},
  publisher={Nature Publishing Group}
}

@article{mosharov2005analysis,
  title={Analysis of exocytotic events recorded by amperometry},
  author={Mosharov, Eugene V and Sulzer, David},
  journal={Nature methods},
  volume={2},
  number={9},
  pages={651},
  year={2005},
  publisher={Nature Publishing Group}
}

@article{oleinick2013vesicular,
  title={Vesicular release of neurotransmitters: converting amperometric measurements into size, dynamics and energetics of initial fusion pores},
  author={Oleinick, Alexander and Lema{\^\i}tre, Fr{\'e}d{\'e}ric and Collignon, Manon Guille and Svir, Irina and Amatore, Christian},
  journal={Faraday discussions},
  volume={164},
  pages={33--55},
  year={2013},
  publisher={Royal Society of Chemistry}
}

@article{raghupathi2013identification,
  title={Identification of unique release kinetics of serotonin from guinea-pig and human enterochromaffin cells},
  author={Raghupathi, Ravinarayan and Duffield, Michael D and Zelkas, Leah and Meedeniya, Adrian and Brookes, Simon JH and Sia, Tiong Cheng and Wattchow, David A and Spencer, Nick J and Keating, Damien J},
  journal={The Journal of physiology},
  volume={591},
  number={23},
  pages={5959--5975},
  year={2013},
  publisher={Wiley Online Library}
}
@article{segura2000automatic,
  title={Automatic analysis for amperometrical recordings of exocytosis},
  author={Segura, Fernando and Brioso, Miguel A and Gomez, Jos{\'e} F and Machado, J David and Borges, Ricardo},
  journal={Journal of neuroscience methods},
  volume={103},
  number={2},
  pages={151--156},
  year={2000},
  publisher={Elsevier}
}

@article{wu2014exocytosis,
  title={Exocytosis and endocytosis: modes, functions, and coupling mechanisms},
  author={Wu, Ling-Gang and Hamid, Edaeni and Shin, Wonchul and Chiang, Hsueh-Cheng},
  journal={Annual review of physiology},
  volume={76},
  pages={301--331},
  year={2014},
  publisher={Annual Reviews}
}
